

@IEEEtranBSTCTL{IEEEexample:BSTcontrol,
	CTLuse_article_number    = "yes",
	CTLuse_paper             = "yes",
	CTLuse_url               = "yes",
	CTLuse_forced_etal       = "no",
	CTLmax_names_forced_etal = "10",
	CTLnames_show_etal       = "3",
	CTLuse_alt_spacing       = "yes",
	CTLalt_stretch_factor    = "4",
	CTLdash_repeated_names   = "yes",
	CTLname_format_string    = "{ff~}{vv~}{ll}{, jj}",
	CTLname_latex_cmd        = " ",
	CTLname_url_prefix       = "[en línea]. Disponible:"
}

@online{falken_cnn,
  author       = {{El Laberinto de Falken}},
  title        = {Visión artificial: Redes convolucionales (CNN)},
  year         = {2019},
  url          = {https://www.ellaberintodefalken.com/2019/10/vision-artificial-redes-convolucionales-CNN.html},
  note         = {[en línea]. Disponible: https://www.ellaberintodefalken.com/2019/10/vision-artificial-redes-convolucionales-CNN.html}
}

@online{ricardogeek_redesneuronales,
  author       = {{RicardoGeek}},
  title        = {¿Qué son las redes neuronales artificiales?},
  year         = {2018},
  url          = {https://ricardogeek.com/que-son-redes-neuronales-artificiales/},
  note         = {[en línea]. Disponible: https://ricardogeek.com/que-son-redes-neuronales-artificiales/}
}
@online{interactivechaos_ffnn,
  author       = {{Interactive Chaos}},
  title        = {Redes Neuronales Prealimentadas},
  year         = {2024},
  url          = {https://interactivechaos.com/es/manual/tutorial-de-deep-learning/redes-neuronales-prealimentadas},
  note         = {[en línea]. Disponible: https://interactivechaos.com/es/manual/tutorial-de-deep-learning/redes-neuronales-prealimentadas}
}




@article{attendanceManagement,
	author    = {A. Jadhav and D. Kamble and S. B. Rathod and S. Kumar and P. Kadam and M. Dalwai},
	title     = {Attendance Management System Based on Facial Recognition},
	journal   = {International Journal of Research in Engineering, Science and Management},
	volume    = {7},
	number    = {5},
	pages     = {23--29},
	year      = {2023}
}

@online{examOnline,
	author    = {Sánchez Epping, Joel Jhony},
	title     = {Sistema de examen en línea con reconocimiento facial},
	organization = {FPUNE},
	url       = {http://servicios.fpune.edu.py:8080/jspui/handle/123456789/1147},	year      = {2022},
}

@online{historiaReconocimiento,
	title     = {Historia y evolución del reconocimiento facial},
	author    = {BeeDigital},
	year      = {2022},
	url       = {https://www.beedigital.es/tendencias-digitales/historia-y-evolucion-del-reconocimiento-facial/},
}

@online{reconocimientoKaspersky,
	title     = {¿Qué es el reconocimiento facial y cómo funciona?},
	author    = {Kaspersky},
	year      = {2024},
	url       = {https://latam.kaspersky.com/resource-center/definitions/what-is-facial-recognition},
}

@online{opencvPython,
	author    = {Equipo de Imagina},
	title     = {Procesamiento de imágenes con OpenCV en Python},
	organization = {Imagina Formación},
	year      = {2024},
	url       = {https://imaginaformacion.com/tutoriales/opencv-en-python},
}

@online{aiIBM,
	title     = {Artificial Intelligence},
	organization = {IBM},
	url       = {https://www.ibm.com/mx-es/topics/artificial-intelligence},
}

@online{reconocimientoVeridas,
	title     = {Reconocimiento Facial},
	organization = {Veridas},
	url       = {https://veridas.com/es/reconocimiento-facial/#:~:text=Los%20sistemas%20de%20reconocimiento%20facial%20basados%20en%20Inteligencia%20Artificial%20permiten,una%20precisi%C3%B3n%20mayor%20al%2099%25},
}
@online{gan_aws,
  author       = {{Amazon Web Services}},
  title        = {¿Qué es una red generativa adversarial (GAN)?},
  year         = {2024},
  url          = {https://aws.amazon.com/es/what-is/gan/},
  note         = {[en línea]. Disponible: https://aws.amazon.com/es/what-is/gan/}
}

@online{facialAWS,
	title     = {Facial Recognition},
	organization = {Amazon Web Services},
	url       = {https://aws.amazon.com/es/what-is/facial-recognition/#:~:text=Funciona%20mediante%20la%20identificaci%C3%B3n%20y,gran%20colecci%C3%B3n%20de%20im%C3%A1genes%20existentes},
}

@online{aiGoogleCloud,
	title     = {What is Artificial Intelligence},
	organization = {Google Cloud},
	url       = {https://cloud.google.com/learn/what-is-artificial-intelligence?hl=es-419},
}

@article{turing1950,
	author    = {A. M. Turing},
	title     = {Computing Machinery and Intelligence},
	journal   = {Mind},
	volume    = {LIX},
	number    = {236},
	pages     = {433--460},
	year      = {1950},
	url       = {https://academic.oup.com/mind/article/LIX/236/433/986238},
}

@book{perceptrons1969,
	author    = {M. Minsky and S. Papert},
	title     = {Perceptrons: An Introduction to Computational Geometry},
	year      = {1969},
	publisher = {MIT Press},
	url       = {https://direct.mit.edu/books/monograph/3132/PerceptronsAn-Introduction-to-Computational},
}

@online{detecFacialOpenCV,
	author = {Acosta Ledesma, Diego Armando and Monges Cañete, Felipe Javier and Rojas Coppari, José Eduardo},
	title     = {Detección facial mediante OpenCV},
	organization = {FPUNE},
	url       = {http://servicios.fpune.edu.py:8080/jspui/handle/123456789/428},
	year      = {2014}
}

@online{sistemaBiometricoRaspberry,
	author = {Centurión Talavera, Diego Fabián and Almeida Delgado, Carlos Domingo and Arrúa Ginés, Jorge Luis},
	title     = {Sistema biométrico de reconocimiento facial utilizando redes neuronales artificiales en Raspberry Pi},
	organization = {FPUNE},
	url       = {http://servicios.fpune.edu.py:8080/jspui/handle/123456789/816},
	year      = {2019}
}
@online{listaAsistenciaEscolar,
  author       = {{Mi De Águila}},
  title        = {Formato de lista de asistencia escolar},
  year         = {2021},
  url          = {https://mideaguila.blogspot.com/2021/12/formato-de-lista-de-asistencia-escolar.html},
  note         = {[en línea]. Disponible: https://mideaguila.blogspot.com/2021/12/formato-de-lista-de-asistencia-escolar.html}
}


@online{prototipoUNIANDES,
	author = {Lara-Jacho, Steven Bryan and Albarracín-Zambrano, Luis Orlando and Ponce-Ruiz, Dionisio Vitalio},
	title     = {Prototipo de reconocimiento facial para mejorar el control de asistencia de estudiantes en UNIANDES, Quevedo},
	url       = {https://doi.org/10.35381/r.k.v5i2.876},
	year      = {2020}
}

@online{registroAsistenciaUTA,
	author = {Bastidas Gavilanes, Jonny Rodolfo},
	title     = {Registro de asistencia de alumnos por medio de reconocimiento facial utilizando visión artificial},
	organization = {UTA},
	url       = {https://repositorio.uta.edu.ec/jspui/handle/123456789/29179},
	year      = {2019}
}

@online{aeropuertosJapon,
  author       = {{OSAO México}},
  title        = {La red de aeropuertos de Japón instalará 66 puertas automáticas adicionales con reconocimiento facial},
  year         = {2024},
  url          = {https://osao.com.mx/la-red-de-aeropuertos-de-japon-instalara-66-puertas-automaticas-adicionales-con-reconocimiento-facial/},
  note         = {[en línea]. Disponible: https://osao.com.mx/la-red-de-aeropuertos-de-japon-instalara-66-puertas-automaticas-adicionales-con-reconocimiento-facial/},
}


@online{automatizacionAsistencia,
	title     = {Reconocimiento facial para la automatización del registro de asistencia a clases},
	organization = {UTA},
	url       = {https://hdl.handle.net/11059/14172},
}

@online{thalesBiometria,
	author    = {Thales Group},
	title     = {Inspiración en biometría},
	year      = {2023},
	url       = {https://www.thalesgroup.com/es/countries/americas/latin-america/dis/gobierno/inspiracion/biometria},
}

@online{avastSeguridadBiometrica,
	author    = {Domenic Molinaro},
	title     = {¿Qué es la seguridad biométrica?},
	year      = {2022},
	url       = {https://www.avast.com/es-es/c-what-is-biometric-data#:~:text=de%20huella%20dactilar.-,%C2%BFQu%C3%A9%20es%20la%20seguridad%20biom%C3%A9trica%3F,de%20acceso%20y%20la%20autenticaci%C3%B3n},
}

@online{maersaHistoria,
	author    = {Maersa},
	title     = {Historia de Maersa},
	year      = {2023},
	url       = {https://www.maersa.com.mx/historia.html},
}



% capitulo 3 
@Online{figma,
  author       = {{Figma Inc.}},
  title        = {¿Qué es Figma?},
  year         = {2024},
  url          = {https://help.figma.com/hc/es-419/articles/14563969806359--Qu%C3%A9-es-Figma},
  note         = {[en línea]. Disponible: https://help.figma.com/hc/es-419/articles/14563969806359--Qu%C3%A9-es-Figma},
}

@online{beesafe_accesscontrol,
  author       = {{Bee Safe Security}},
  title        = {Exploring Different Types of Access Control Credentials},
  year         = {2024},
  url          = {https://beesafeohio.com/exploring-different-types-of-access-control-credentials/},
  note         = {[en línea]. Disponible: https://beesafeohio.com/exploring-different-types-of-access-control-credentials/},
}

@online{lanacion_historiafacial,
  author       = {{La Nación}},
  title        = {Reconocimiento facial: cómo nació esta tecnología en una tableta de la década del 60},
  year         = {2020},
  url          = {https://www.lanacion.com.ar/tecnologia/reconocimiento-facial-como-nacio-tableta-decada-del-nid2421334/},
  note         = {[en línea]. Disponible: https://www.lanacion.com.ar/tecnologia/reconocimiento-facial-como-nacio-tableta-decada-del-nid2421334/},
}



@Online{python,
  author       = {{GoDaddy Inc.}},
  title        = {Python: ¿qué es, para qué sirve y cómo empezar a usarlo?},
  year         = {2024},
  url          = {https://www.godaddy.com/resources/latam/desarrollo/python-que-es},
  note         = {[en línea]. Disponible: https://www.godaddy.com/resources/latam/desarrollo/python-que-es},
}

@Online{sql,
  author       = {{IBM Corporation}},
  title        = {¿Qué es SQL (Structured Query Language)?},
  year         = {2024},
  url          = {https://www.ibm.com/mx-es/think/topics/structured-query-language},
  note         = {[en línea]. Disponible: https://www.ibm.com/mx-es/think/topics/structured-query-language},
}

@Online{postgresql,
  author       = {{PostgreSQL Global Development Group}},
  title        = {About PostgreSQL},
  year         = {2024},
  url          = {https://www.postgresql.org/about/},
  note         = {[en línea]. Disponible: https://www.postgresql.org/about/},
}

@Online{git,
  author       = {{Microsoft Learn}},
  title        = {¿Qué es Git?},
  year         = {2024},
  url          = {https://learn.microsoft.com/es-es/devops/develop/git/what-is-git},
  note         = {[en línea]. Disponible: https://learn.microsoft.com/es-es/devops/develop/git/what-is-git},
}

@article{yolo,
  title={You Only Look Once: Unified, Real-Time Object Detection},
  author={Redmon, Joseph and Divvala, Santosh and Girshick, Ross and Farhadi, Ali},
  journal={arXiv preprint arXiv:1506.02640},
  year={2016},
  url={https://arxiv.org/abs/1506.02640}
}

@inproceedings{arcface,
  title={ArcFace: Additive Angular Margin Loss for Deep Face Recognition},
  author={Deng, Jiankang and Guo, Jia and Xue, Niannan and Zafeiriou, Stefanos},
  booktitle={Proceedings of the IEEE/CVF Conference on Computer Vision and Pattern Recognition (CVPR)},
  year={2019},
  pages={4690--4699},
  doi={10.1109/CVPR.2019.00482},
  url={https://arxiv.org/abs/1801.07698}
}

@Online{vscode,
  author       = {{OpenWebinars}},
  title        = {¿Qué es Visual Studio Code y qué ventajas ofrece?},
  year         = {2024},
  url          = {https://openwebinars.net/blog/que-es-visual-studio-code-y-que-ventajas-ofrece/},
  note         = {[en línea]. Disponible: https://openwebinars.net/blog/que-es-visual-studio-code-y-que-ventajas-ofrece/},
}


@misc{githubdesktop,
  author       = {{GitHub, Inc.}},
  title        = {Acerca de GitHub Desktop},
  year         = {2025},
  howpublished = {\url{https://docs.github.com/es/desktop/overview/about-github-desktop}},
  note         = {[en línea]. Disponible: https://docs.github.com/es/desktop/overview/about-github-desktop}
}





